<?xml version="1.0" encoding="UTF-8"?><collection><record><leader>04214ntm a2200433 a 4500</leader><controlfield tag="001">005989181</controlfield><controlfield tag="003">MiAaHDL</controlfield><controlfield tag="005">20190719000000.0</controlfield><controlfield tag="006">m        d        </controlfield><controlfield tag="007">cr bn ---auaua</controlfield><controlfield tag="008">090407s18uu    xx            00| ||ara d</controlfield><datafield tag="035" ind1=" " ind2=" "><subfield code="a">(MiU)005989181</subfield></datafield><datafield tag="035" ind1=" " ind2=" "><subfield code="a">sdr-miu005989181</subfield></datafield><datafield tag="040" ind1=" " ind2=" "><subfield code="a">MiU</subfield><subfield code="c">MiU</subfield><subfield code="e">amremm</subfield></datafield><datafield tag="043" ind1=" " ind2=" "><subfield code="a">n-us-mi</subfield></datafield><datafield tag="245" ind1="0" ind2="0"><subfield code="6">880-01</subfield><subfield code="a">[Majmūʻat aḥzāb wa-adʻiyah,</subfield><subfield code="f">19th century].</subfield></datafield><datafield tag="260" ind1=" " ind2=" "><subfield code="c">[18--].</subfield></datafield><datafield tag="300" ind1=" " ind2=" "><subfield code="a">150 leaves :</subfield><subfield code="b">paper ;</subfield><subfield code="c">180 x 120 (106-111 x 59) mm. bound to 180 x 127 mm.</subfield></datafield><datafield tag="500" ind1=" " ind2=" "><subfield code="a">Shelfmark: Ann Arbor, University of Michigan, Special Collections Library, Isl. Ms. 48</subfield></datafield><datafield tag="500" ind1=" " ind2=" "><subfield code="a">Origin: Lacks dated colophon ; paper suggests 19th century.</subfield></datafield><datafield tag="500" ind1=" " ind2=" "><subfield code="a">Former shelfmark: British Museum, London "No. 36. Collection of prayers." ; "۲۷۱" on tail of textblock.</subfield></datafield><datafield tag="500" ind1=" " ind2=" "><subfield code="a">Binding: Pasteboards covered in brown leather ; Type II binding (with flap) ; pastedowns and flyleaves in a lime green surface-tinted wove paper ; upper and lower covers bear gold-stamped central panel, cornerpieces, and border (mainly rosettes and leaves) ; sewn in black thread (inserted quinion and ternion sewn in white thread), two stations ; overall in fair condition with some abrasion, staining, negative draw in upper cover and flap, etc.</subfield></datafield><datafield tag="500" ind1=" " ind2=" "><subfield code="a">Support: European wove paper ; thin (though sturdy) and well-burnished.</subfield></datafield><datafield tag="500" ind1=" " ind2=" "><subfield code="a">Decoration: Titles, section headings, keywords, abbreivation symbols and some marginalia (mainly notabilia/side-heads) rubricated.</subfield></datafield><datafield tag="500" ind1=" " ind2=" "><subfield code="a">Script: Naskh ; elegant Ottoman hand ; partially seriffed with right-sloping head serifs on lām of definite article, etc. ; effect of slight tilt to the left ; pointing in distinct dots ; mainly open counters ; graceful curvilinear descenders ; fully vocalized ; text on inserted quinion and ternion (in quire 5, pp.99-130) supplied in a different hand.</subfield></datafield><datafield tag="500" ind1=" " ind2=" "><subfield code="a">Layout: Written mainly in 9, 11, and 13 lines per page ; frame-ruled.</subfield></datafield><datafield tag="500" ind1=" " ind2=" "><subfield code="a">Collation: i, II (4), 2 VIII (36), IV (44), V+V+III (70), 2 V(90), IV (98), VI (110), 4 V(150), i ; quinion and ternion inserted in fifth quire ; final two leaves left blank ; catchwords present ; pagination in black ink, Hindu-Arabic numerals ; pagination in pencil, Western numerals, supplied during digitization (includes flyleaves).</subfield></datafield><datafield tag="500" ind1=" " ind2=" "><subfield code="a">Title supplied by cataloguer.</subfield></datafield><datafield tag="500" ind1=" " ind2=" "><subfield code="a">Ms. codex.</subfield></datafield><datafield tag="520" ind1="8" ind2=" "><subfield code="a">Fine copy of a collection (majmūʻah / mecmua) of assorted prayers, invocations and verses (including aḥzāb, awrād, adʻiyah, munājāt and qaṣāʼid) with detailed contents listing at opening (pp.4-7) corresponding to pagination in Hindu-Arabic numerals.</subfield></datafield><datafield tag="538" ind1=" " ind2=" "><subfield code="a">Mode of access: Internet.</subfield></datafield><datafield tag="541" ind1=" " ind2=" "><subfield code="c">Purchase ;</subfield><subfield code="a">Acquired by purchase (funds donated by Horace Rackham).</subfield><subfield code="d">1924.</subfield></datafield><datafield tag="546" ind1=" " ind2=" "><subfield code="a">Arabic.</subfield></datafield><datafield tag="561" ind1=" " ind2=" "><subfield code="a">Bookplate of British Museum, London on interior of upper cover, "British Museum, London. No. 36. Collection of prayers." ; circular seal impression with figure of goat/gazelle in purple ink as well as inscription "431" in Western numerals on front flyleaf (p.1) and back flyleaf (p.304) ; circular waqf-seal impression in black ink appears with contents listing on 'title page' (p.11) and several places throughout, reads: "هذا وقف الراجي فيض الصمدي الشيخ احمد ضيا الدين ابن مصطفى الخالدي فمن بدله بعد ما سمعه فانما اثمه على الذين يبدلونه" in name of Aḥmad Ḍiyāʼ al-Dīn ibn Muṣṭafá al-Khālidī (i.e. Ahmed Ziyâüddîn Gümüşhanevî, d. 1893 or 4) ; occasional glosses and marginal corrections ; seal of Solomon inscription (with greatest name of God / al-Ism al-Aʻẓam) appears in margin of p.210 accompanying text of al-Juljulūtīyah ; magic square employing the symbols of the seal of solomon appears on p.216.</subfield></datafield><datafield tag="650" ind1=" " ind2="0"><subfield code="a">Manuscripts, Arabic</subfield><subfield code="z">Michigan</subfield><subfield code="z">Ann Arbor.</subfield></datafield><datafield tag="650" ind1=" " ind2="0"><subfield code="a">Sufism</subfield><subfield code="v">Early works to 1800.</subfield></datafield><datafield tag="650" ind1=" " ind2="0"><subfield code="a">Islam</subfield><subfield code="v">Prayers and devotions</subfield><subfield code="v">Early works to 1800.</subfield></datafield><datafield tag="773" ind1="0" ind2=" "><subfield code="a">Tiflis Collection.</subfield></datafield><datafield tag="880" ind1="0" ind2="0"><subfield code="6">245-01/</subfield><subfield code="a">[مجموعة أحزاب وأدعية,</subfield><subfield code="f">القرن 19م].</subfield></datafield><datafield tag="CID" ind1=" " ind2=" "><subfield code="a">005989181</subfield></datafield><datafield tag="DAT" ind1="0" ind2=" "><subfield code="a">20190719102634.0</subfield><subfield code="b">20190719000000.0</subfield></datafield><datafield tag="DAT" ind1="1" ind2=" "><subfield code="a">20190719090653.0</subfield><subfield code="b">2019-07-19T16:11:10Z</subfield></datafield><datafield tag="DAT" ind1="2" ind2=" "><subfield code="a">2015-10-10T18:00:06Z</subfield></datafield><datafield tag="CAT" ind1=" " ind2=" "><subfield code="a">SDR-MIU</subfield><subfield code="d">EX LIBRIS - ALEPH</subfield><subfield code="l">prepare.pl-004-008</subfield></datafield><datafield tag="FMT" ind1=" " ind2=" "><subfield code="a">BK</subfield></datafield><datafield tag="HOL" ind1=" " ind2=" "><subfield code="0">sdr-miu005989181</subfield><subfield code="a">MiU</subfield><subfield code="b">SDR</subfield><subfield code="c">MIU</subfield><subfield code="p">mdp.39015079105592</subfield><subfield code="s">MIU</subfield><subfield code="1">005989181</subfield></datafield><datafield tag="974" ind1=" " ind2=" "><subfield code="b">MIU</subfield><subfield code="c">MIU</subfield><subfield code="d">20190719</subfield><subfield code="s">lit-dlps-dc</subfield><subfield code="u">mdp.39015079105592</subfield><subfield code="y">1899</subfield><subfield code="r">pd</subfield><subfield code="q">exp</subfield></datafield></record></collection>